
@article{smith2012,
  author = {John Smith},
  title = {A study of something},
  journal = {Journal of Something},
  year = {2012},
  volume = {1},
  pages = {1--10}
}

@article{lifetable2018,
  author          = {アク会},
  journal         = {公益社団法人　日本アクチュアリー会 公式会員向けWebサイト},
  number          = {},
  title           = {標準生命表2018},
  volume          = {},
  year            = {2018}
}

